@InBook{GutierrezExposito2020,
  author    = {Gutiérrez-Expósito, Carlos and Pernollet, Claire and Adriaens, Tim and Henderson, Iain},
  booktitle = {Invasive Birds: Global Trends and Impacts},
  date      = {2020},
  title     = {Ruddy Duck (\textit{{O}xyura jamaicensis} {G}melin, 1789)},
  isbn      = {978-1-78924-208-9},
  pages     = {200-205},
  publisher = {{CABI}},
  file      = {:Gutierrez-Exposito2020.pdf:PDF},
  groups    = {\textit{0. jamaicensis}},
}

@Article{MunozFuentes2007,
  author       = {Violeta Muñoz-Fuentes and C. Vilà and Andy J. Green and Juan José Negro and Michael D. Sorenson},
  date         = {2007},
  doi          = {10.1111/j.1365-294x.2006.03170.x},
  journaltitle = {Molecular Ecology},
  number       = {3},
  pages        = {629--638},
  title        = {Hybridization between white-headed ducks and introduced ruddy ducks in {S}pain},
  volume       = {16},
  file         = {:Muñoz-Fuentes2007.pdf:PDF},
  groups       = {\textit{0. leucocephala}},
  publisher    = {Wiley},
}

@Article{Cooch2014,
  author       = {Cooch, Evan G. and Guillemain, Matthieu and Boomer, G. Scott and Lebreton, Jean-Dominique and Nichols, James D.},
  date         = {2014},
  journaltitle = {Wildfowl},
  pages        = {220--276},
  title        = {The effects of harvest on waterfowl populations},
  file         = {:Cooch2014 - The effects of harvest on waterfowl populations.pdf:PDF},
  groups       = {Hunting, Recruitment rate (not published)},
}

@Book{Johnsgard1996,
  author    = {Paul A. Johnsgard and Montserrat Carbonell},
  date      = {1996},
  isbn      = {978-0806127996},
  publisher = {Univ of Oklahoma Pr},
  title     = {Ruddy Ducks \& Other Stifftails: Their Behavior and Biology (Animal Natural History Series)},
  groups    = {\textit{0. jamaicensis}},
}

@Book{Baldassarre2014,
  author    = {Baldassarre, Guy A.},
  date      = {2014-11-07},
  isbn      = {1421407515},
  pagetotal = {1088},
  publisher = {Johns Hopkins University Press},
  title     = {Ducks, Geese, and Swans of {N}orth {A}merica},
  url       = {https://www.ebook.de/de/product/22517628/guy_a_baldassarre_ducks_geese_and_swans_of_north_america.html},
  ean       = {9781421407517},
  file      = {:Baldassarre2014.pdf:PDF},
  groups    = {\textit{0. jamaicensis}},
  year      = {2014},
}

@Article{Peron2013,
  author       = {Guillaume P{\'{e}}ron},
  date         = {2013-11},
  doi          = {10.1111/1365-2656.12014},
  journaltitle = {Journal of Animal Ecology},
  number       = {2},
  pages        = {408--417},
  title        = {Compensation and additivity of anthropogenic mortality: life-history effects and review of methods},
  volume       = {82},
  editor       = {Tim Coulson},
  file         = {:Peron2013.pdf:PDF},
  groups       = {CMR, Recruitment rate (not published)},
  publisher    = {Wiley},
}

@Article{Koons2014,
  author       = {Koons, D. N. and Gunnarsson, Gunnar and Schmutz, J. A. and Rotella, J. J.},
  date         = {2014},
  journaltitle = {Wildfowl},
  number       = {Special Issue 4},
  pages        = {169--191},
  title        = {Drivers of waterfowl population dynamics : from teal to swans},
  file         = {:Koons2014.pdf:PDF},
  groups       = {Environnement factors, Recruitment rate (not published)},
  institution  = {Kristianstad University, Avdelningen för Naturvetenskap},
  keywords     = {climate change, demographic buffering and lability, density dependence, ducks, elasticity, environmental stochasticity, geese, population dynamics, swans},
  url          = {http://wildfowl.wwt.org.uk/index.php/wildfowl/article/view/2606},
}

@Article{Nichols2006,
  author       = {James D. Nichols and Byron K. Williams},
  date         = {2006},
  doi          = {10.1016/j.tree.2006.08.007},
  journaltitle = {Trends in Ecology \& Evolution},
  number       = {12},
  pages        = {668--673},
  title        = {Monitoring for conservation},
  volume       = {21},
  comment      = {A utiliser pour montrer que c'est important que le monitoring doit suivre les recommandations de suivi des oiseaux, en l'occurence compter les males en 2 catégories et les types femelles d'autre part.},
  file         = {:Nichols2006.pdf:PDF},
  groups       = {Recruitment, Recruitment rate (not published)},
  publisher    = {Elsevier {BV}},
}

@Article{Smith2001,
  author       = {Cyndi M. Smith and R. Ian Goudie and Fred Cooke},
  date         = {2001},
  doi          = {10.2307/1522241},
  journaltitle = {Waterbirds: The International Journal of Waterbird Biology},
  number       = {1},
  pages        = {39},
  title        = {Winter Age Ratios and the Assessment of Recruitment of Harlequin Ducks},
  volume       = {24},
  comment      = {Direct counts on the wintering area to determine the proportion of young males to adult males
(age ratios), can be used for species with delayed plumage maturation

methode male jeune / male total, mais plusieurs biais donc intéret de notre méthode.},
  file         = {:Smith2001.pdf:PDF},
  groups       = {Recruitment, Recruitment rate (not published)},
  publisher    = {{JSTOR}},
}

@Article{Zimmerman2010,
  author       = {G. S. Zimmerman and W. A. Link and M. J. Conroy and J. R. Sauer and K. D. Richkus and G. Scott Boomer},
  date         = {2010},
  doi          = {10.1071/wr10062},
  journaltitle = {Wildlife Research},
  number       = {7},
  pages        = {612},
  title        = {Estimating migratory game-bird productivity by integrating age ratio and banding data},
  volume       = {37},
  file         = {:Zimmerman2010.pdf:PDF},
  groups       = {Recruitment},
  publisher    = {{CSIRO} Publishing},
}

@Article{Arnold2018,
  author       = {Todd W. Arnold},
  date         = {2018-09},
  doi          = {10.1002/ece3.4506},
  journaltitle = {Ecology and Evolution},
  number       = {20},
  pages        = {10298--10305},
  title        = {Using ring-recovery and within-season recapture data to estimate fecundity and population growth},
  volume       = {8},
  file         = {:Arnold2018 - Using Ring Recovery and within Season Recapture Data to Estimate Fecundity and Population Growth.pdf:PDF},
  groups       = {Recruitment, Recruitment rate (not published)},
  publisher    = {Wiley},
}

@Article{Wood2021,
  author       = {Kevin A. Wood and Kane Brides and Maurice E. Durham and Richard D. Hearn},
  date         = {2021-10},
  doi          = {10.1186/s40657-021-00286-1},
  journaltitle = {Avian Research},
  number       = {1},
  title        = {Adults have more male-biased sex ratios than first-winter juveniles in wintering duck populations},
  volume       = {12},
  file         = {:Wood2021 - Adults Have More Male Biased Sex Ratios Than First Winter Juveniles in Wintering Duck Populations.pdf:PDF},
  groups       = {General},
  publisher    = {Springer Science and Business Media {LLC}},
}

@Book{Bellrose1980,
  author    = {Bellrose, F. C.},
  date      = {1980},
  pagetotal = {540},
  publisher = {Stackpole Books},
  title     = {Ducks, Geese \& Swans of {N}orth {A}merica: 3rd. Ed},
  location  = {United States of America},
  groups    = {Recruitment rate (not published)},
}

@Article{Dzus1998,
  author       = {Elston H. Dzus and Robert G. Clark},
  date         = {1998-04},
  doi          = {10.2307/4089189},
  journaltitle = {The Auk},
  number       = {2},
  pages        = {311--318},
  title        = {Brood Survival and Recruitment of Mallards in Relation to Wetland Density and Hatching Date},
  volume       = {115},
  file         = {:Dzus1998 - Brood Survival and Recruitment of Mallards in Relation to Wetland Density and Hatching Date.pdf:PDF},
  groups       = {Recruitment rate (not published)},
  journal      = {The Auk},
  publisher    = {Oxford University Press ({OUP})},
}

@Article{Blums2004,
  author       = {Peter Blums and Robert G. Clark},
  date         = {2004-06},
  doi          = {10.1007/s00442-004-1573-8},
  journaltitle = {Oecologia},
  number       = {1},
  pages        = {61--67},
  title        = {Correlates of lifetime reproductive success in three species of {E}uropean ducks},
  volume       = {140},
  file         = {:Blums2004_Article_CorrelatesOfLifetimeReproducti.pdf:PDF},
  groups       = {Recruitment rate (not published)},
  publisher    = {Springer Science and Business Media {LLC}},
}

@Article{deValpine2017,
  author       = {Perry {de Valpine} and Daniel Turek and Christopher J. Paciorek and Clifford Anderson-Bergman and Duncan Temple Lang and Rastislav Bodik},
  date         = {2017-04},
  doi          = {10.1080/10618600.2016.1172487},
  journaltitle = {Journal of Computational and Graphical Statistics},
  number       = {2},
  pages        = {403--413},
  title        = {Programming With Models: Writing Statistical Algorithms for General Model Structures With {NIMBLE}},
  volume       = {26},
  groups       = {Package},
  publisher    = {Informa {UK} Limited},
}

@Manual{RCT2022,
  author       = {{{R Core Team}}},
  date         = {2022},
  title        = {{R}: A Language and Environment for Statistical Computing},
  location     = {Vienna, Austria},
  organization = {R Foundation for Statistical Computing},
  url          = {https://www.R-project.org/},
  groups       = {Package},
}

@Article{Folliot2017,
  author       = {B. Folliot and A. Caizergues and A. Barbotin and M. Guillemain},
  date         = {2017-07},
  doi          = {10.1007/s10344-017-1126-1},
  journaltitle = {European Journal of Wildlife Research},
  number       = {4},
  title        = {Environmental and individual correlates of common pochard (\textit{{A}ythya ferina}) nesting success},
  volume       = {63},
  file         = {:Folliot2017_Article_EnvironmentalAndIndividualCorr.pdf:PDF},
  groups       = {Recruitment rate (not published)},
  publisher    = {Springer Science and Business Media {LLC}},
}

@InBook{Flint2015,
  author    = {Flint, P.},
  booktitle = {Ecology and conservation of {N}orth {A}merican sea ducks},
  date      = {2015},
  title     = {Population dynamics of sea ducks: Using models to understand the causes, consequences, evolution, and management of variation in life history characteristics},
  editor    = {J.-P. L. Savard and D. V. Derksen and D. Esler and J. M. Eadie},
  isbn      = {9781482248975},
  location  = {Boca Raton, FL},
  pages     = {63--96},
  publisher = {CRC Press},
  series    = {Studies in Avian Biology},
  volume    = {46},
  file      = {:Flint2015 - Population Dynamics of Sea Ducks_ Using Models to Understand the Causes, Consequences, Evolution, and Management of Variation in Life History Characteristics.pdf:PDF},
}

@Article{Krementz1997,
  author       = {David G. Krementz and Richard J. Barker and James D. Nichols},
  date         = {1997-01},
  doi          = {10.2307/4089068},
  journaltitle = {The Auk},
  number       = {1},
  pages        = {93--102},
  title        = {Sources of Variation in Waterfowl Survival Rates},
  volume       = {114},
  comment      = {[survival] .9 very conservative even if values come from female only.},
  file         = {:Krementz1997.pdf:PDF},
  groups       = {Recruitment rate (not published)},
  publisher    = {Oxford University Press ({OUP})},
}

@Article{Fox2014,
  author       = {Fox, Anthony D. and Clausen, Kevin Kuhlmann and Dalby, Lars and Christensen, Thomas Kjaer and Sunde, Peter},
  date         = {2014-12},
  doi          = {10.1111/ibi.12229},
  journaltitle = {Ibis},
  number       = {2},
  pages        = {391--395},
  title        = {Age-ratio bias among hunter-based surveys of {E}urasian Wigeon \textit{{A}nas penelope} based on wing vs. field samples},
  volume       = {157},
  editor       = {Rob Robinson},
  comment      = {[bi},
  file         = {:Fox2014.pdf:PDF},
  groups       = {Recruitment rate (not published)},
  publisher    = {Wiley},
}

@Article{Shea1998,
  author       = {Shea, Katriona and the NCEAS Working Group on Population Management,},
  date         = {1998-09},
  doi          = {10.1016/s0169-5347(98)01381-0},
  journaltitle = {Trends in Ecology \& Evolution},
  number       = {9},
  pages        = {371--375},
  title        = {Management of populations in conservation, harvesting and control},
  volume       = {13},
  file         = {:Shea1998.pdf:PDF},
  groups       = {Recruitment rate (not published)},
  publisher    = {Elsevier {BV}},
}

@Article{Gelman1992,
  author       = {Andrew Gelman and Donald B. Rubin},
  date         = {1992-11},
  doi          = {10.1214/ss/1177011136},
  journaltitle = {Statistical Science},
  number       = {4},
  title        = {Inference from Iterative Simulation Using Multiple Sequences},
  volume       = {7},
  file         = {:Gelman1992 - Inference from Iterative Simulation Using Multiple Sequences.pdf:PDF},
  groups       = {Recruitment rate (not published)},
  publisher    = {Institute of Mathematical Statistics},
}

@Article{Buxton2004,
  author       = {Nigel E. Buxton and Ron W. Summers and Will J. Peach},
  date         = {2004-10},
  doi          = {10.1080/00063650409461365},
  journaltitle = {Bird Study},
  number       = {3},
  pages        = {280--281},
  title        = {Survival rate of female \textit{{B}oldeneye bucephala} clangula},
  volume       = {51},
  file         = {:Files/Buxton2004.pdf:PDF},
  groups       = {Recruitment rate (not published)},
  publisher    = {Informa {UK} Limited},
}

@Article{Nichols1997,
  author       = {James D. Nichols and James E. Hines and Peter Blums},
  date         = {1997-06},
  doi          = {10.1890/0012-9658(1997)078[1009:tfsdia]2.0.co;2},
  journaltitle = {Ecology},
  number       = {4},
  pages        = {1009--1018},
  title        = {{TESTS} {FOR} {SENESCENT} {DECLINE} {IN} {ANNUAL} {SURVIVAL} {PROBABILITIES} {OF} {COMMON} {POCHARDS}, {AYTHYA} {FERINA}},
  volume       = {78},
  file         = {:Nichols1997.pdf:PDF},
  groups       = {Recruitment rate (not published)},
  publisher    = {Wiley},
}

@Article{Fox2016,
  author       = {Fox, A. D. and Clausen, K. and Dalby, L. and Christensen, T. and Sunde, P.},
  date         = {2016},
  journaltitle = {Ornis Fennica},
  number       = {1},
  pages        = {26},
  title        = {Between-year variations in sex/age ratio bias in hunter wings of Eurasian Wigeon (\textit{{A}nas penelope}) compared to field samples},
  volume       = {93},
  file         = {:Files/Fox2016.pdf:PDF},
  groups       = {Recruitment rate (not published)},
}

@Article{Niel2005,
  author       = {Niel, Colin and Lebreton, Jean-Dominique},
  date         = {2005-06},
  doi          = {10.1111/j.1523-1739.2005.00310.x},
  journaltitle = {Conservation Biology},
  number       = {3},
  pages        = {826--835},
  title        = {Using Demographic Invariants to Detect Overharvested Bird Populations from Incomplete Data},
  volume       = {19},
  file         = {:Niel2005 - Using Demographic Invariants to Detect Overharvested Bird Populations from Incomplete.pdf:PDF},
  publisher    = {Wiley},
}

@Article{Rintala2022,
  author       = {J. Rintala and M. Hario and K. Laursen and A. P. M{\o}ller},
  date         = {2022-07},
  doi          = {10.1038/s41598-022-16166-7},
  journaltitle = {Scientific Reports},
  number       = {1},
  title        = {Large-scale changes in marine and terrestrial environments drive the population dynamics of long-tailed ducks breeding in Siberia},
  volume       = {12},
  file         = {:Rintala2022 - Large Scale Changes in Marine and Terrestrial Environments Drive the Population Dynamics of Long Tailed Ducks Breeding in Siberia.pdf:PDF},
  publisher    = {Springer Science and Business Media {LLC}},
}

@Article{Faillettaz2019,
  author       = {Robin Faillettaz and Gr{\'{e}}gory Beaugrand and Eric Goberville and Richard R. Kirby},
  date         = {2019-01},
  doi          = {10.1126/sciadv.aar6993},
  journaltitle = {Science Advances},
  number       = {1},
  title        = {Atlantic Multidecadal Oscillations drive the basin-scale distribution of Atlantic bluefin tuna},
  volume       = {5},
  publisher    = {American Association for the Advancement of Science ({AAAS})},
}

@Article{Austin2000,
  author       = {Austin, Jane E. and Afton, Alan D. and Anderson, Michael G. and Clark, Robert G. and Custer, Christine M. and Lawrence, Jeffrey S. and Pollard, J. Bruce and Ringelman, James K.},
  date         = {2000},
  journaltitle = {Wildlife Society Bulletin},
  pages        = {254--263},
  title        = {Declining scaup populations: issues, hypotheses, and research needs},
  groups       = {Recruitment rate (not published)},
  publisher    = {JSTOR},
}

@Article{Lebreton1992,
  author       = {Jean-Dominique Lebreton and Kenneth P. Burnham and Jean Clobert and David R. Anderson},
  date         = {1992-03},
  doi          = {10.2307/2937171},
  journaltitle = {Ecological Monographs},
  number       = {1},
  pages        = {67--118},
  title        = {Modeling Survival and Testing Biological Hypotheses Using Marked Animals: A Unified Approach with Case Studies},
  volume       = {62},
  groups       = {CMR},
  publisher    = {Wiley},
}

@Article{Fox2018,
  author       = {Fox, Anthony D. and Cristensen, Thomas K.},
  date         = {2018-07},
  doi          = {10.1111/ibi.12649},
  journaltitle = {Ibis},
  number       = {4},
  pages        = {929--935},
  title        = {Could falling female sex ratios among first-winter northwest European duck populations contribute to skewed adult sex ratios and overall population declines?},
  volume       = {160},
  publisher    = {Wiley},
}

@Article{Robertson2008,
  author       = {Gregory J. Robertson},
  date         = {2008},
  doi          = {10.1675/1524-4695-31.sp2.152},
  journaltitle = {Waterbirds},
  number       = {sp2},
  pages        = {152--158},
  title        = {Using Winter Juvenile/Adult Ratios as Indices of Recruitment in Population Models},
  volume       = {31},
  comment      = {Tout est dans le titre,  montre que ce n'est pas parfait de faire ça directement, d'ou l'intérêt de notre méthode.

Review  de 6 taux de survie et de proportion de jeunes dans la pop!!},
  file         = {:Robertson2008.pdf:PDF},
  publisher    = {Waterbird Society},
}

@InProceedings{Hochbaum1942,
  author    = {Hochbaum, H Albert},
  booktitle = {Transactions of the North American Wildlife Conference},
  date      = {1942},
  title     = {Sex and age determination of waterfowl by cloacal examination},
  pages     = {299--307},
  volume    = {7},
}

@Article{Folliot2022,
  author       = {Benjamin Folliot and Alain Caizergues and Adrien Tableau and Guillaume Souchay and Matthieu Guillemain and Jocelyn Champagnon and Cl{\'{e}}ment Calenge},
  date         = {2022-04},
  doi          = {10.1002/ece3.8835},
  journaltitle = {Ecology and Evolution},
  number       = {4},
  title        = {Assessing spatiotemporal variation in abundance: A flexible framework accounting for sampling bias with an application to common pochard (\textit{{A}ythya ferina})},
  volume       = {12},
  file         = {:Folliot2022 - Assessing spatiotemporal variation in abundance  A flexible framework accounting.pdf:PDF},
  groups       = {Publis publiées},
  publisher    = {Wiley},
}

@Article{Dmitriew2010,
  author       = {Caitlin M. Dmitriew},
  date         = {2010-04},
  doi          = {10.1111/j.1469-185x.2010.00136.x},
  journaltitle = {Biological Reviews},
  number       = {1},
  pages        = {97--116},
  title        = {The evolution of growth trajectories: what limits growth rate?},
  volume       = {86},
  publisher    = {Wiley},
}

@Article{Souchay2016,
  author       = {Guillaume Souchay and Michael Schaub},
  date         = {2016-09},
  doi          = {10.1371/journal.pone.0163850},
  journaltitle = {{PLOS} {ONE}},
  number       = {9},
  pages        = {e0163850},
  title        = {Investigating Rates of Hunting and Survival in Declining European Lapwing Populations},
  volume       = {11},
  editor       = {Christian Andrew Hagen},
  publisher    = {Public Library of Science ({PLoS})},
}

@Article{Caniglia2011,
  author       = {Romolo Caniglia and Elena Fabbri and Sarah Cubaynes and Olivier Gimenez and Jean-Dominique Lebreton and Ettore Randi},
  date         = {2011-09},
  doi          = {10.1007/s10592-011-0266-1},
  journaltitle = {Conservation Genetics},
  number       = {1},
  pages        = {53--64},
  title        = {An improved procedure to estimate wolf abundance using non-invasive genetic sampling and capture{\textendash}recapture mixture models},
  volume       = {13},
  publisher    = {Springer Science and Business Media {LLC}},
}

@Article{Hughes1999,
  author       = {Hughes, B and Criado, J and Delany, S and Gallo-Orsi, U and Green, AJ and Grussu, M and Perennou, C and Torres, JA},
  date         = {1999},
  journaltitle = {Council of Europe Publication T-PVS/Birds (99)},
  title        = {The status of the North American Ruddy Duck \textit{{O}xyura jamaicensis} in the Western Palearctic: towards an action plan for eradication},
  volume       = {9},
  file         = {:Hughes1999.pdf:PDF},
}

@Article{Nichols1992,
  author       = {James D. Nichols and J. Bart and Roland J. Limpert and William J. L. Sladen and James E. Hines},
  date         = {1992-07},
  doi          = {10.2307/3808863},
  journaltitle = {The Journal of Wildlife Management},
  number       = {3},
  pages        = {485},
  title        = {Annual Survival Rates of Adult and Immature Eastern Population Tundra Swans},
  volume       = {56},
  publisher    = {{JSTOR}},
}

@Book{Williams2002,
  author    = {Williams, Byron K. and Nichols, James D. and Conroy, Michael J.},
  date      = {2002},
  isbn      = {9780127544069},
  publisher = {Academic Press},
  title     = {Analysis and Management of Animal Populations},
  pages     = {1040},
  groups    = {Statistical methods},
}

@Article{Kokko1998,
  author       = {Kokko, Hanna and P{\"o}ys{\"a}, Hannu and Lindstr{\"o}m, Jan and Ranta, Esa},
  date         = {1998},
  journaltitle = {Annales Zoologici Fennici},
  pages        = {195--204},
  title        = {Assessing the impact of spring hunting on waterfowl populations},
  file         = {:Kokko1998.pdf:PDF},
}

@Book{Johnsgard1978,
  author    = {Johnsgard, Paul A.},
  date      = {1978},
  isbn      = {0803209533},
  publisher = {University of Nebraska Press},
  title     = {Ducks, geese, and swans of the world},
  pages     = {404},
}

@Article{Buderman2023,
  author       = {Frances E. Buderman and James H. Devries and David N. Koons},
  date         = {2023-04},
  doi          = {10.1111/1365-2656.13919},
  journaltitle = {Journal of Animal Ecology},
  number       = {6},
  pages        = {1267--1284},
  title        = {A life-history spectrum of population responses to simultaneous change in climate and land use},
  volume       = {92},
  file         = {:Buderman2023.pdf:PDF},
  publisher    = {Wiley},
}

@Article{Jaatinen2022,
  author       = {Jaatinen, Kim and Hermansson, Ida and Mohring, Bertille and Steele, Benjamin B. and Öst, Markus},
  date         = {2022-01},
  doi          = {10.1007/s00442-021-05101-8},
  journaltitle = {Oecologia},
  number       = {2},
  pages        = {543--552},
  title        = {Mitigating impacts of invasive alien predators on an endangered sea duck amidst high native predation pressure},
  volume       = {198},
  issn         = {1432-1939},
  file         = {:Jaatinen2022 - Mitigating Impacts of Invasive Alien Predators on an Endangered Sea Duck Amidst High Native Predation Pressure.pdf:PDF:https\://www.researchsquare.com/article/rs-332589/v1.pdf?c=1631896367000},
  publisher    = {Springer Science and Business Media LLC},
}

@Article{Folliot2020,
  author       = {Folliot, Benjamin and Souchay, Guillaume and Champagnon, Jocelyn and Guillemain, Matthieu and Durham, Maurice and Hearn, Richard and Hofer, Josef and Laesser, Jacques and Sorin, Christophe and Caizergues, Alain},
  date         = {2020-09},
  doi          = {10.2981/wlb.00682},
  journaltitle = {Wildlife Biology},
  number       = {3},
  pages        = {1--12},
  title        = {When survival matters: is decreasing survival underlying the decline of common pochard in western Europe?},
  volume       = {2020},
  issn         = {1903-220X},
  file         = {:Folliot2020 - When Survival Matters_ Is Decreasing Survival Underlying the Decline of Common Pochard in Western Europe_.pdf:PDF:https\://bioone.org/journals/wildlife-biology/volume-2020/issue-3/wlb.00682/When-survival-matters--is-decreasing-survival-underlying-the-decline/10.2981/wlb.00682.pdf},
  publisher    = {Wiley},
}

@Article{Bourdais2015,
  author       = {Bourdais, S. and Caizergues, A. and Barbotin, A.},
  date         = {2015},
  journaltitle = {Faune Sauvage},
  pages        = {4-11},
  title        = {Suivi de la nidification des fuligules milouins et morillons en zone d’étangs piscicoles},
  volume       = {307},
  publisher    = {Érès},
}

@Comment{jabref-meta: databaseType:biblatex;}
